<?xml version="1.0" encoding="UTF-8"?><collection><record><leader>06102ntm a2200565 a 4500</leader><controlfield tag="001">006818008</controlfield><controlfield tag="003">MiAaHDL</controlfield><controlfield tag="005">20190719000000.0</controlfield><controlfield tag="006">m        d        </controlfield><controlfield tag="007">cr bn ---auaua</controlfield><controlfield tag="008">090612s1880    xx            00| ||per d</controlfield><datafield tag="035" ind1=" " ind2=" "><subfield code="a">(MiU)006818008</subfield></datafield><datafield tag="035" ind1=" " ind2=" "><subfield code="a">sdr-miu006818008</subfield></datafield><datafield tag="040" ind1=" " ind2=" "><subfield code="a">MiU</subfield><subfield code="c">MiU</subfield><subfield code="e">amremm</subfield></datafield><datafield tag="043" ind1=" " ind2=" "><subfield code="a">n-us-mi</subfield></datafield><datafield tag="100" ind1="1" ind2=" "><subfield code="6">880-01</subfield><subfield code="a">Ṣādiq Iṣfahānī, Muḥammad Ṣādiq ibn Muḥammad Ṣāliḥ,</subfield><subfield code="d">1609 or 10-1650 or 51.</subfield></datafield><datafield tag="245" ind1="1" ind2="0"><subfield code="6">880-03</subfield><subfield code="a">Shāhid-i Ṣādiq,</subfield><subfield code="f">[1297, i.e. 1880].</subfield></datafield><datafield tag="246" ind1="3" ind2=" "><subfield code="i">Edge title (head):</subfield><subfield code="a">شاهد صادق</subfield></datafield><datafield tag="246" ind1="3" ind2=" "><subfield code="i">Title from inscription on front flyleaf (p.1):</subfield><subfield code="a">شاهد صادق</subfield></datafield><datafield tag="260" ind1=" " ind2=" "><subfield code="c">[1880].</subfield></datafield><datafield tag="300" ind1=" " ind2=" "><subfield code="a">344 leaves :</subfield><subfield code="b">paper ;</subfield><subfield code="c">226 x 150 (166 x 81) mm.</subfield></datafield><datafield tag="500" ind1=" " ind2=" "><subfield code="a">Shelfmark: Ann Arbor, University of Michigan, Special Collections Library, Isl. Ms. 352</subfield></datafield><datafield tag="500" ind1=" " ind2=" "><subfield code="a">Origin: As appears in colophon on p.680, copied by Muḥammad Khayrʹshāhī [?] with transcription completed 15 Dhū al-Ḥijjah 1297 [ca. 18 November 1880]. As appears in preceding 'authorial colophon' (also on p.680), composition supposedly completed in 1059 [1649] in Akbarʹābād (Agra) in the time of Shāh Shujāʻ.</subfield></datafield><datafield tag="500" ind1=" " ind2=" "><subfield code="a">Accompanying materials: Scrap of tinted and block-printed paper with excerpts (proverb "الدهر ثلاثة ايام يوم قد مضى لا يعود اليك ويوم انت فيه لا يدوم عليك ..." etc.) in black ink (between pp.436-437).</subfield></datafield><datafield tag="500" ind1=" " ind2=" "><subfield code="a">Former shelfmark: "505 T. De M. [i.e. Tammaro De Marinis]" and "۹" inscribed in pencil on recto of opening leaf (serving as flyleaf, p.1) ; "15/6" and "٢٥" (with numeral khamsah looking like reversed B) inscribed in ink also on opening leaf recto (serving as flyleaf, p.1).</subfield></datafield><datafield tag="500" ind1=" " ind2=" "><subfield code="a">Binding: Pasteboards covered in dark red leather ; Type III binding (without flap), two-piece binding (seam of overlapping flanges visible at spine) ; doublures in dark gray leather ; upper and lower covers carry blind-stamped scalloped mandorla (filled with vegetal composition) with pendants, as well as tooled border and accents ; sewn in lime green and red (final few gatherings) thread, two stations ; worked chevron endbands in lime green and light red, good condition (protected by tabs extending from spine leather) ; overall in fair condition with minor abrasion and staining, spine curved and fore edge protruding, etc.</subfield></datafield><datafield tag="500" ind1=" " ind2=" "><subfield code="a">Support: European wove paper, dark cream in color, quite well-burnished, thin and crisp though sturdy ; leaves at opening and close (serving as flyleaves) also in highly burnished wove paper but of a lighter color ; breakthrough at frames in leaves carrying p.679-682.</subfield></datafield><datafield tag="500" ind1=" " ind2=" "><subfield code="a">Decoration: Keywords, numerals and section headings rubricated (words to be entered in red have been provided in the outer margins, mainly cut off, but in a few instances still visible, see p.41, 42, etc.) ; written area surrounded by frame in "gold" accented with red rules ; margin also surrounded by red rule-border ; overlining in red ; occasional textual dividers in the form of inverted commas ; several diagrams, mainly in red and black (see p.265, 289, 431, 432, 433, 435, 436, 437, 438, 439, 442, 443, 444).</subfield></datafield><datafield tag="500" ind1=" " ind2=" "><subfield code="a">Script: Nastaʻlīq ; quite compact, elegant hand ; serifless, with effect of words descending to baseline, closed counters, and elongated horizontal strokes ; Arabic excerpts in a compact naskh.</subfield></datafield><datafield tag="500" ind1=" " ind2=" "><subfield code="a">Layout: Written in 25 lines per page ; frame-ruled.</subfield></datafield><datafield tag="500" ind1=" " ind2=" "><subfield code="a">Collation: II (4), 42 IV(340), 2 I (344) ; almost exclusively quaternions ; several leaves ruled but left blank (see pp.9-10, 17, 44, 254, 460, 681-682, etc.) or partially blank (likely for diagrams / illustrations never realized, see p.27, 28, 43, 253, 270, 445, 456, 459, 497, 513, etc.) ; twenty pages (p.[]-p.534) ruled for tables but left blank ; catchwords present ; pagination in pencil, Western numerals, supplied during digitization (includes leaves serving as flyleaves at opening and close and skips two pages between pp.515-516).</subfield></datafield><datafield tag="500" ind1=" " ind2=" "><subfield code="a">Colophon: "Authorial," reads " تصنيف اين كتاب بتاريخ هزار و پنجاه و نه ۱۰۵۹ در يمده [مدينه ؟] اكبر اباد در زمان شاه شجاع بهادر اتفاق افتاد" ; "Scribal," reads "الحقير الفقير محمد خير شاهى [؟] ۱٥ شهر ذي الحجه الحرام سنه ۱۲۹۷"</subfield></datafield><datafield tag="500" ind1=" " ind2=" "><subfield code="a">Explicit: "یونین بضم یا و سکون واو و کسر نون وسکون یاء تحتانیه و نون موضعی است بشام"</subfield></datafield><datafield tag="500" ind1=" " ind2=" "><subfield code="a">Incipit: "حالات با خود گفتم ..."</subfield></datafield><datafield tag="500" ind1=" " ind2=" "><subfield code="a">Title from opening matter on p.11.</subfield></datafield><datafield tag="500" ind1=" " ind2=" "><subfield code="a">Ms. codex.</subfield></datafield><datafield tag="510" ind1="4" ind2=" "><subfield code="a">Cat. Pers. MSS. Brit. Mus.,</subfield><subfield code="c">p.775 f.</subfield></datafield><datafield tag="520" ind1="8" ind2=" "><subfield code="a">Fine, though acephalous, copy of extracts, anecdotes and miscellaneous notices by Muḥammad Ṣādiq ibn Muḥammad Ṣāliḥ al-Iṣfahānī al-Āzādānī (d.1650 or 51). Author's contents listing in opening matter (pp.11-16).</subfield></datafield><datafield tag="538" ind1=" " ind2=" "><subfield code="a">Mode of access: Internet.</subfield></datafield><datafield tag="541" ind1=" " ind2=" "><subfield code="c">Purchase ;</subfield><subfield code="a">Acquired by purchase (funds donated by Horace Rackham).</subfield><subfield code="d">1924.</subfield></datafield><datafield tag="546" ind1=" " ind2=" "><subfield code="a">Persian.</subfield></datafield><datafield tag="561" ind1=" " ind2=" "><subfield code="a">Several inventory marks and a few excerpts on recto of opening leaf (serving as flyleaf, p.1) and following leaf (p.3) ; oval seal impression in margin on p.12 ; occasional marginal corrections ; notabilia (sideheads) indicating chapter or section appear in the upper outer corner of most leaves.</subfield></datafield><datafield tag="650" ind1=" " ind2="0"><subfield code="a">Manuscripts, Persian</subfield><subfield code="z">Michigan</subfield><subfield code="z">Ann Arbor.</subfield></datafield><datafield tag="650" ind1=" " ind2="0"><subfield code="a">Persian prose literature</subfield><subfield code="v">Early works to 1800.</subfield></datafield><datafield tag="700" ind1="0" ind2=" "><subfield code="a">Abdülhamid</subfield><subfield code="b">II,</subfield><subfield code="c">Sultan of the Turks,</subfield><subfield code="d">1842-1918,</subfield><subfield code="e">former owner.</subfield></datafield><datafield tag="700" ind1="0" ind2=" "><subfield code="6">880-05</subfield><subfield code="a">Muḥammad Khayrʹshāhī,</subfield><subfield code="d">fl. 1880,</subfield><subfield code="e">scribe.</subfield></datafield><datafield tag="773" ind1="0" ind2=" "><subfield code="a">Abdul Hamid Collection.</subfield></datafield><datafield tag="880" ind1="0" ind2=" "><subfield code="6">700-05/</subfield><subfield code="a">محمد خير شاهى,</subfield><subfield code="e">ناسخ.</subfield></datafield><datafield tag="880" ind1="1" ind2="0"><subfield code="6">245-03/</subfield><subfield code="a">شاهد صادق,</subfield><subfield code="f">[1297ه, 1880م].</subfield></datafield><datafield tag="880" ind1="1" ind2=" "><subfield code="6">100-01/</subfield><subfield code="a">صادق اصفهانى, محمد صادق ابن محمد صالح.</subfield></datafield><datafield tag="CID" ind1=" " ind2=" "><subfield code="a">006818008</subfield></datafield><datafield tag="DAT" ind1="0" ind2=" "><subfield code="a">20190719102639.0</subfield><subfield code="b">20190719000000.0</subfield></datafield><datafield tag="DAT" ind1="1" ind2=" "><subfield code="a">20190719090653.0</subfield><subfield code="b">2019-07-19T16:12:10Z</subfield></datafield><datafield tag="DAT" ind1="2" ind2=" "><subfield code="a">2015-10-02T18:00:03Z</subfield></datafield><datafield tag="CAT" ind1=" " ind2=" "><subfield code="a">SDR-MIU</subfield><subfield code="d">EX LIBRIS - ALEPH</subfield><subfield code="l">prepare.pl-004-008</subfield></datafield><datafield tag="FMT" ind1=" " ind2=" "><subfield code="a">BK</subfield></datafield><datafield tag="HOL" ind1=" " ind2=" "><subfield code="0">sdr-miu006818008</subfield><subfield code="a">MiU</subfield><subfield code="b">SDR</subfield><subfield code="c">MIU</subfield><subfield code="p">mdp.39015079129782</subfield><subfield code="s">MIU</subfield><subfield code="1">006818008</subfield></datafield><datafield tag="974" ind1=" " ind2=" "><subfield code="b">MIU</subfield><subfield code="c">MIU</subfield><subfield code="d">20190719</subfield><subfield code="s">lit-dlps-dc</subfield><subfield code="u">mdp.39015079129782</subfield><subfield code="y">1880</subfield><subfield code="r">pd</subfield><subfield code="q">exp</subfield></datafield></record></collection>